
% http://www.latex-howto.be/files/LaTeX-HowTo-ch10.pdf

% exemple:
%@TypeDocument
%{
%Étiquette ,
%Champ1={Valeur 1},
%Champ2="Valeur 2",
%...
%Champn={Valeur n}
%}

@online{
    ref2,
    title     = "Quantité et intensité du courant électrique",
    url       = "http://www.positron-libre.com/cours/electrotechnique/notion-electricite/quantite-intensite-courant.php",
    note      = "consulté le 22/11/17",
}


@book
{
latexpratique ,
author={Christian Rolland},
title={\LaTeX{} par la pratique},
year={1999},
publisher={O’Reilly}
}

@book
{
texbook ,
author={Donald E. Knuth},
title={The \TeX book},
year={1990},
publisher={Addison -Wesley}
}
%----------------------------------------------------------------------------------------
%	MERLIN CAMBERLIN ! ALL RIGHTS RESERVED
%----------------------------------------------------------------------------------------